@mastersthesis{cserep2013versioning,
	author       = {Cserép, Máté}, 
	title        = {Téradatok verziókezelésének vizsgálata},
	school       = {Eötvös Loránd Tudományegyetem, Informatikai Kar},
	year         = 2013,
	month        = 5,
	type         = {{MSc} diplomamunka}
}

@article{cserep2015operation,
	author  = {Cserép, Máté and Giachetta, Roberto}, 
	title   = {Operation-based revision control for geospatial data sets},
	journal = {Geomatics Workbooks},	
	volume  = 12,
	year    = 2015,
	month   = 7,
	pages   = {139-152}
}

@inproceedings{giachetta2013aegis,
	title={AEGIS - A state-of-the art component based spatio-temporal framework for education and research},
	author={Giachetta, Roberto},
	booktitle={Free and Open Source Software for Geospatial (FOSS4G) Conference Proceedings},
	volume={13},
	year={2013}
}

@techreport{sfa,
	title = {{OpenGIS Implementation Standard for Geographic information - Simple Feature Access - Part 1: Common architecture}},
	author = {John R. Herring},
	edition = {Version 1.2.1},
	institution = {Open Geospatial Consortium},
	number = {Reference Number: {OGC} 06-103r4},
	year = {2011},
	month = may,
	day = {28},
}

@misc{qgis,
	title = {{QGIS - A Free and Open Source Geographic Information System}},
	howpublished = {\url{https://www.qgis.org/}},
	note = {Utolsó elérés: 2019-05-17}
}

@misc{aegis,
	title = {{AEGIS geospatial framework - Origin edition}},
	howpublished = {\url{https://github.com/robertogiachetta/aegis-origin}},
	note = {Utolsó elérés: 2019-05-17}
}

@misc{pythonnet,
	title = {{Python for .NET}},
	howpublished = {\url{https://github.com/pythonnet/pythonnet}},
	note = {Utolsó elérés: 2019-05-17}
}